<?xml version="1.0" encoding="UTF-8"?><collection xmlns="http://www.loc.gov/MARC21/slim"><record><leader>00407nam--2200133-i-4500</leader><controlfield tag="001">000032210</controlfield><controlfield tag="002">20161230</controlfield><controlfield tag="005">20161230201039</controlfield><controlfield tag="008">060222s1000------------r-----000-0-eng-d</controlfield><datafield ind1=" " ind2=" " tag="080"><subfield code="a">66.048</subfield></datafield><datafield ind1=" " ind2=" " tag="100"><subfield code="a">May, Frank P.And Pell, Thomas M</subfield></datafield><datafield ind1=" " ind2=" " tag="245"><subfield code="a">Response of a plate distillation column to periodic variations in the feed stream</subfield></datafield><datafield ind1=" " ind2=" " tag="260"><subfield code="a">Gainesville, (Florida), Univ.Of Florida, 1966, 45p</subfield></datafield><datafield ind1=" " ind2=" " tag="852"><subfield code="a">24785</subfield></datafield></record></collection>